@misc{buterin2020ethereum,
  author = {Buterin, Vitalik},
  title = {Ethereum's Scalability and Decentralization Challenge},
  organization = {Ethereum Foundation},
  year = {2020}
}

@misc{micali2016atomic,
  author = {Micali, Silvio},
  title = {Atomic Transactions in Blockchain},
  organization = {Massachusetts Institute of Technology},
  year = {2016}
}

@article{schar2020decentralized,
  author = {Sch√§r, Fabian},
  title = {Decentralized Finance: On Blockchain- and Smart Contract-Based Financial Markets},
  journal = {Federal Reserve Bank of St. Louis Review},
  year = {2020}
}

@book{narayanan2016bitcoin,
  author = {Narayanan, Arvind and Bonneau, Joseph and Felten, Edward and Miller, Andrew and Goldfeder, Steven},
  title = {Bitcoin and Cryptocurrency Technologies},
  publisher = {Princeton University Press},
  year = {2016}
}

@article{bitansky2012extractable,
  title={Extractable collision resistance: A new complexity assumption for zero-knowledge},
  author={Bitansky, Nir and Canetti, Ran and Chiesa, Alessandro and Tromer, Eran},
  journal={Advances in Cryptology--CRYPTO 2012},
  pages={416--434},
  year={2012},
  publisher={Springer}
}

@inproceedings{ben2013snarks,
  title={SNARKs for C: Verifying program executions succinctly and in zero knowledge},
  author={Ben-Sasson, Eli and Chiesa, Alessandro and Genkin, Daniel and Tromer, Eran and Virza, Madars},
  booktitle={Proceedings of the 33rd Annual Cryptology Conference},
  pages={90--108},
  year={2013},
  organization={Springer}
}

@article{ben2018scalable,
  title={Scalable, transparent, and post-quantum secure computational integrity},
  author={Ben-Sasson, Eli and Bentov, Iddo and Horesh, Yinon and Riabzev, Michael},
  journal={IACR Cryptol. ePrint Arch.},
  volume={2018},
  pages={46},
  year={2018}
}

@misc{buterin2014next,
  title={A Next-Generation Smart Contract and Decentralized Application Platform},
  author={Buterin, Vitalik},
  year={2014},
  howpublished={White paper},
  note={Available at \url{https://ethereum.org/en/whitepaper/}}
}

@inproceedings{gennaro2013quadratic,
  title={Quadratic span programs and succinct NIZKs without PCPs},
  author={Gennaro, Rosario and Gentry, Craig and Parno, Bryan and Raykova, Mariana},
  booktitle={Proceedings of the 32nd Annual International Conference on the Theory and Applications of Cryptographic Techniques},
  pages={626--645},
  year={2013},
  organization={Springer}
}

@article{micali1994cs,
  title={CS proofs},
  author={Micali, Silvio},
  journal={Journal of Cryptology},
  volume={4},
  number={3},
  pages={175--194},
  year={1994},
  publisher={Springer}
}

@misc{reitwiessner2016zk,
  title={zk-SNARKs in a nutshell},
  author={Reitwiessner, Christian},
  year={2016},
  howpublished={Blog post},
  note={Available at \url{https://blog.ethereum.org/2016/12/05/zksnarks-in-a-nutshell/}}
}

@article{wahby2019fast,
  title={Fast and simple constant-size zk-SNARKs without trusted setup},
  author={Wahby, Riad S and Tzialla, Ioanna and Shelat, Abhi and Thaler, Justin and Walfish, Michael},
  journal={IACR Cryptol. ePrint Arch.},
  volume={2019},
  pages={748},
  year={2019}
}

@misc{williamson2020rollup,
  title={Optimistic Rollups: Layer 2 Scaling},
  author={Williamson, Hayden},
  year={2020},
  howpublished={Blog post},
  note={Available at \url{https://optimism.io/}}
}
